@article{Aartsen:2014njl,
      author         = "Aartsen, M. G. and others",
      title          = "{IceCube-Gen2: A Vision for the Future of Neutrino
                        Astronomy in Antarctica}",
      collaboration  = "IceCube",
      year           = "2014",
      eprint         = "1412.5106",
      archivePrefix  = "arXiv",
      primaryClass   = "astro-ph.HE",
      SLACcitation   = "%%CITATION = ARXIV:1412.5106;%%"
}

@article{IceCube:2018dnn,
      author         = "Aartsen, M. G. and others",
      title          = "{Multimessenger observations of a flaring blazar
                        coincident with high-energy neutrino IceCube-170922A}",
      collaboration  = "Liverpool Telescope, MAGIC, H.E.S.S., AGILE, Kiso,
                        VLA/17B-403, INTEGRAL, Kapteyn, Subaru, HAWC, Fermi-LAT,
                        ASAS-SN, VERITAS, Kanata, IceCube, Swift NuSTAR",
      journal        = "Science",
      volume         = "361",
      year           = "2018",
      number         = "6398",
      pages          = "eaat1378",
      doi            = "10.1126/science.aat1378",
      eprint         = "1807.08816",
      archivePrefix  = "arXiv",
      primaryClass   = "astro-ph.HE",
      SLACcitation   = "%%CITATION = ARXIV:1807.08816;%%"
}

@article{IceCube:2018cha,
      author         = "Aartsen, M. G. and others",
      title          = "{Neutrino emission from the direction of the blazar TXS
                        0506+056 prior to the IceCube-170922A alert}",
      collaboration  = "IceCube",
      journal        = "Science",
      volume         = "361",
      year           = "2018",
      number         = "6398",
      pages          = "147-151",
      doi            = "10.1126/science.aat2890",
      eprint         = "1807.08794",
      archivePrefix  = "arXiv",
      primaryClass   = "astro-ph.HE",
      SLACcitation   = "%%CITATION = ARXIV:1807.08794;%%"
}

@article{Adrian-Martinez:2016fdl,
      author         = "Adrian-Martinez, S. and others",
      title          = "{Letter of intent for KM3NeT 2.0}",
      collaboration  = "KM3Net",
      journal        = "J. Phys.",
      volume         = "G43",
      year           = "2016",
      number         = "8",
      pages          = "084001",
      doi            = "10.1088/0954-3899/43/8/084001",
      eprint         = "1601.07459",
      archivePrefix  = "arXiv",
      primaryClass   = "astro-ph.IM",
      SLACcitation   = "%%CITATION = ARXIV:1601.07459;%%"
}